<record><leader>00000cas a22000007a 4500</leader><controlfield tag="001">23936454</controlfield><controlfield tag="008">910614d18391840mauwr ne      0    0eng d</controlfield><datafield ind1=" " ind2=" " tag="010"><subfield code="a">sn 91057104 </subfield></datafield><datafield ind1=" " ind2=" " tag="040"><subfield code="a">MGN</subfield><subfield code="b">eng</subfield><subfield code="c">MGN</subfield><subfield code="d">OCLCQ</subfield></datafield><datafield ind1=" " ind2=" " tag="042"><subfield code="a">msc</subfield></datafield><datafield ind1="0" ind2="0" tag="245"><subfield code="a">Roberts' world of romance.</subfield></datafield><datafield ind1=" " ind2=" " tag="260"><subfield code="a">Boston, Mass. :</subfield><subfield code="b">George Roberts</subfield></datafield><datafield ind1=" " ind2=" " tag="300"><subfield code="a">v.</subfield></datafield><datafield ind1=" " ind2=" " tag="310"><subfield code="a">Weekly</subfield></datafield><datafield ind1="0" ind2=" " tag="362"><subfield code="a">Vol. 1, no. 1 (1839)-v. 1, no. 7 (1840) ; new ser., v. 1, no. 5 (1840)-v. 1, no. 10 (1840).</subfield></datafield><datafield ind1=" " ind2=" " tag="500"><subfield code="a">Republication of short novels and romance stories.</subfield></datafield><datafield ind1=" " ind2=" " tag="515"><subfield code="a">Lacking specific dates. Published Nov. 1839-Mar. 1840?</subfield></datafield><datafield ind1=" " ind2=" " tag="752"><subfield code="a">United States</subfield><subfield code="b">Massachusetts</subfield><subfield code="c">Suffolk</subfield><subfield code="d">Boston.</subfield></datafield></record>